% Encoding: UTF-8

@Misc{python,
 title = {Язык програмирования python [Электронный ресурс] Официальный сайт python — Режим доступа: 
 https://www.python.org/, свободный. - Загл. с экрана. – Яз. рус., англ.},
 urldate = {2024-06-03}
}

@Misc{PyQt,
	title = {Библиотека PyQt  [Электронный ресурс] Официальный сайт PyQt. Режим доступа: 
	https://pypi.org/project/PyQt5, свободный. - Загл. с экрана. – Яз. рус.},
	urldate = {2024-06-03}
}

@Misc{2048,
	title = {Игра 2048  [Электронный ресурс] Википедия — свободная энциклопедия: 
	https://ru.wikipedia.org/wiki/2048, свободный. - Загл. с экрана. – Яз. рус., англ.},
	urldate = {2024-06-06}
}

@Misc{РуковотствоPyQt5,
	title = {Руковотство PyQt5  [Электронный ресурс] Краткое руковотство по PyQt5. Режим доступа: 
	https://zetcode.com/gui/pyqt5/, свободный. - Загл. с экрана. – Яз. рус., англ.},
	urldate = {2024-06-06}
}

@Misc{Stack,
	title = {Stack Overflow для вопросов PyQt  [Электронный ресурс] Stack Overflow. Режим доступа:https://ru.stackoverflow.com/questions/tagged/pyqt5, свободный. - Загл. с экрана. – Яз. англ.},
	urldate = {2024-06-06}
}

@Misc{QtDesigner,
	title = {Руковотство по Qt Designer  [Электронный ресурс] ZetCode руковотство по популярным библиотекам. Режим доступа: 
	https://zetcode.com/gui/pyqt5/, свободный. - Загл. с экрана. – Яз. рус.},
	urldate = {2024-06-06}
}

@Misc{сайтQt,
	title = {Официальный сайт Qt Designer  [Электронный ресурс] Приложение Qt Designer. Режим доступа: 
	https://build-system.fman.io/qt-designer-download, свободный. - Загл. с экрана. – Яз. рус., англ.},
	urldate = {2024-06-22}
}

@Misc{wikiRUGitHub,
	title = {GitHub [Электронный ресурс] Википедия — свободная энциклопедия. Режим доступа: https://ru.wikipedia.org/wiki/GitHub, свободный. - Загл. с экрана. – Яз. рус., англ.},
	urldate = {2024-06-22}
}

@Misc{Geany,
	title = {Geany [Электронный ресурс] Легковесная среда разработки. Режим доступа: 
	https://www.geany.org/manual/0.19_ru/index.html, свободный. - Загл. с экрана. – Яз. рус.},
	urldate = {2024-06-23}
}


@Misc{Дронов,
	title = {Python 3 и PyQt 5. Разработка приложений (2016) Владимир Дронов, Николай ПрохоренокОСНОВЫ ПРОГРАММИРОВАНИЯ НА ЯЗЫКЕ PYTHON, свободный. - Загл. с экрана. – Яз. рус.},
	urldate = {2024-06-03}
}

@Misc{БУЙНАЧЕВ,
	title = {ДС. К. БУЙНАЧЕВ Н. Ю. БОКЛАГ, свободный. - Загл. с экрана. – Яз. рус.},
	urldate = {2024-06-03}
}


}



@Comment{jabref-meta: databaseType:biblatex;}